<?xml version="1.0" encoding="UTF-8"?><collection xmlns="http://www.loc.gov/MARC21/slim"><record><leader>00439nam--2200157-i-4500</leader><controlfield tag="001">000031241</controlfield><controlfield tag="002">20161230</controlfield><controlfield tag="005">20170121223247</controlfield><controlfield tag="008">060222s1000------------r-----000-0-eng-d</controlfield><datafield ind1=" " ind2=" " tag="100"><subfield code="a">Zemanian, A. H</subfield></datafield><datafield ind1=" " ind2=" " tag="245"><subfield code="a">Realizability theory for continous linear systems</subfield></datafield><datafield ind1=" " ind2=" " tag="260"><subfield code="a">New York</subfield><subfield code="b">Academic Press</subfield><subfield code="c">1972</subfield></datafield><datafield ind1=" " ind2=" " tag="300"><subfield code="a">231 p</subfield></datafield><datafield ind1=" " ind2=" " tag="490"><subfield code="a">Mathematics In Science And Engineering</subfield><subfield code="v">vol. 97</subfield></datafield><datafield ind1=" " ind2=" " tag="852"><subfield code="a">17315</subfield></datafield><datafield ind1=" " ind2=" " tag="CAT"><subfield code="a">SYS</subfield><subfield code="c">20170121</subfield><subfield code="h">223247</subfield></datafield></record></collection>